@misc{totsum,
title = {Totient Summatory Function},
author = { Weisstein, Eric W.},
publisher = {Mathworld},
url = {https://mathworld.wolfram.com/TotientSummatoryFunction.html},
}